@inproceedings{inproceedings:pmemguide,
  author       = {Jian Yang and Juno Kim and Morteza Hoseinzadeh and Joseph Izraelevitz and Steve Swanson},
  title        = {{A}n {E}mpirical {G}uide to the {B}ehavior and {U}se of {S}calable {P}ersistent {M}emory},
  booktitle    = {18th {USENIX} Conference on File and Storage Technologies ({FAST} 20)},
  year         = {2020},
  isbn         = {978-1-939133-12-0},
  address      = {Santa Clara, CA},
  pages        = {169--182},
  url          = {https://www.usenix.org/conference/fast20/presentation/yang},
  howpublished = {\url{https://www.usenix.org/conference/fast20/presentation/yang}},
  publisher    = {{USENIX} Association},
  month        = feb
}
